% Encoding: UTF-8

@article{bane_ellwood_1986,
  author =        {Bane, Mary Jo and Ellwood, David T.},
  journal =       {Journal of Human Resources},
  number =        {1},
  pages =         {1-23},
  title =         {Slipping into and out of poverty: The dynamic of
                   spells},
  volume =        {21},
  year =          {1986},
}

@article{bania_leete_2009,
  author =        {Bania, Neil and Leete, Laura},
  journal =       {Economics Bulletin},
  number =        {3},
  pages =         {2100-2112},
  title =         {Monthly household income volatility in the U.S.,
                   1991/92 vs. 2002/03},
  volume =        {29},
  year =          {2009},
}

@article{blundell_1988,
  author =        {Blundell, Richard},
  journal =       {The Economic Journal},
  number =        {389},
  pages =         {16-65},
  title =         {Consumer behavior: Theory and empirical evidence -- A
                   survey},
  volume =        {98},
  year =          {1988},
}

@unpublished{bradbury_2011,
  author =        {Bradbury, Katherine},
  note =          {Federal Reserve Bank of Boston Working Paper 11-1},
  type =          {Unpublished Work},
  title =         {Trends in U.S. Family Income Mobility, 1969-2006},
  year =          {2011},
}

@book{bryk_raudenbush_1992,
  address =       {Newbury Park, CA},
  author =        {Bryk, Anthony S. and Raudenbush, Stephen W.},
  publisher =     {Sage Publications},
  title =         {Hierarchical linear models in Social and Behavioral
                   research: Applications and data analysis methods},
  year =          {1992},
}

@incollection{burkhauser_couch_2009,
  author =        {Burkhauser, Richard V. and Couch, Kenneth A.},
  booktitle =     {The Oxford Handbook of Income Inequality},
  editor =        {Salverda, Wiemar and Nolan, Brian and
                   Smeeding, Timothy M.},
  pages =         {522-545},
  publisher =     {Oxford University Press},
  type =          {Book Section},
  title =         {Intra-generational Inequality and Intertemporal
                   Mobility},
  year =          {2009},
}

@article{cheng_2014,
  author =        {Cheng, Siwei},
  journal =       {American Journal of Sociology},
  number =        {3},
  pages =         {633-700},
  title =         {A life course trajectory framework for understanding
                   the intracohort pattern of wage inequality},
  volume =        {120},
  year =          {2014},
}

@article{dahl_etal_2011,
  author =        {Dahl, Molly and DeLeire, Thomas and
                   Schwabish, Jonathan A.},
  journal =       {Journal of Human Resources},
  number =        {4},
  pages =         {750-774},
  type =          {Journal Article},
  title =         {Estimates of year-to-year volatility in earnings and
                   in household incomes from administrative, survey, and
                   matched data},
  volume =        {46},
  year =          {2011},
}

@article{diprete_mcmanus_2000,
  author =        {DiPrete, Thomas A. and McManus, Patricia A.},
  journal =       {American Sociological Review},
  number =        {3},
  pages =         {343-370},
  type =          {Journal Article},
  title =         {Family Change, Employment Transitions, and the
                   Welfare State: Household Income Dynamics in the
                   United States and Germany},
  volume =        {65},
  year =          {2000},
}

@article{dynan_etal_2012,
  author =        {Dynan, Karen and Elmendorf, Douglas and
                   Sichel, Daniel},
  journal =       {The B.E. Journal of Economic Analysis \& Policy},
  number =        {2},
  pages =         {(Advances), Article 3},
  type =          {Journal Article},
  title =         {The Evolution of Household Income Volatility},
  volume =        {12},
  year =          {2012},
}

@book{friedman_1957,
  author =        {Friedman, Milton},
  publisher =     {Princeton University Press},
  type =          {Book},
  title =         {A theory of consumption},
  year =          {1957},
}

@article{gangl_2005,
  author =        {Gangl, Markus},
  journal =       {Work and Occupations},
  number =        {2},
  pages =         {140-162},
  type =          {Journal Article},
  title =         {Income Inequality, Permanent Incomes, and Income
                   Dynamics: Comparing Europe to the United States},
  volume =        {32},
  year =          {2005},
}

@Article{gittleman_joyce_1999,
  author =  {Gittleman, Maury and Joyce, Mary},
  title =   {Have family income mobility patterns changed?},
  journal = {Demography},
  year =    {1999},
  volume =  {36},
  number =  {3},
  pages =   {299-314},
  type =    {Journal Article}
}

@incollection{gottschalk_danziger_1998,
  address =       {Washington, D.C.},
  author =        {Gottschalk, Peter and Danziger, Sheldon},
  booktitle =     {The Inequality Paradox: Growth of Income Disparity},
  editor =        {Auerbach, J. and Beleous, R.},
  pages =         {92-111},
  publisher =     {National Planning Association},
  type =          {Book Section},
  title =         {Family Income Mobility-How Much is There, and Has it
                   Changed?},
  year =          {1998},
}

@article{gottschalk_moffitt_1994,
  author =        {Gottschalk, Peter and Moffitt, Robert},
  journal =       {Brookings Papers on Economic Activity},
  number =        {2},
  pages =         {217-272},
  type =          {Journal Article},
  title =         {The Growth of Earnings Instability in the {U}.{S}.
                   Labor Market},
  year =          {1994},
}

@article{gottschalk_moffitt_2009,
  author =        {Gottschalk, Peter and Moffitt, Robert A.},
  journal =       {The Journal of Economic Perspectives},
  number =        {4},
  pages =         {3-24},
  type =          {Journal Article},
  title =         {The Rising Instability of {U}.{S}. Earnings},
  volume =        {23},
  year =          {2009},
}

@incollection{gundersen_ziliak_2008,
  author =        {Gundersen, Craig and Ziliak, James P.},
  booktitle =     {Income volatility and food assistance in the United
                   States},
  chapter =       {7},
  editor =        {Jolliffe, Dean and Ziliak, James P.},
  pages =         {137-170},
  publisher =     {W.E. Upjohn Institute for Employment Research},
  title =         {The age gradient in food stamp program participation:
                   Does income volatility matter?},
  year =          {2008},
}

@book{hacker_2006,
  author =        {Hacker, Jacob S.},
  publisher =     {Oxford University Press},
  type =          {Book},
  title =         {The Great Risk Shift: The Assault on American Jobs,
                   Families, Health Care, and Retirement - And How You
                   Can Fight Back},
  year =          {2006},
}

@article{hardy_ziliak_2014,
  author =        {Hardy, Bradley and Ziliak, James P.},
  journal =       {Economic Inquiry},
  number =        {1},
  pages =         {459-476},
  type =          {Journal Article},
  title =         {Decomposing Trends in Income Volatility: The `Wilde
                   Ride' at the Top and Bottom},
  volume =        {52},
  year =          {2014},
}

@book{jenkins_2011,
  author =        {Jenkins, Stephen},
  publisher =     {Oxford University Press},
  type =          {Book},
  title =         {Changing Fortunes: Income Mobility and Poverty
                   Dynamics in Britain},
  year =          {2011},
}

@article{moffitt_gottschalk_2012,
  author =        {Moffitt, Robert and Gottschalk, Peter},
  journal =       {Journal of Human Resources},
  number =        {1},
  pages =         {204-236},
  type =          {Journal Article},
  title =         {Trends in the Transitory Variance of Male Earnings in
                   the {U}.{S}., 1970-2004},
  volume =        {47},
  year =          {2012},
}

@article{nichols_rehm_2014,
  author =        {Nichols, Austin and Rehm, Philipp},
  journal =       {Review of income and wealth},
  number =        {S1},
  pages =         {S98-S116},
  type =          {Journal Article},
  title =         {Income risk in 30 countries},
  volume =        {60},
  year =          {2014},
}

@article{shin_solon_2011,
  author =        {Shin, Donggyun and Solon, Gary},
  journal =       {Journal of Public Economics},
  pages =         {973-982},
  type =          {Journal Article},
  title =         {Trends in Men's Earnings Volatility: What Does the
                   Panel Study of Income Dynamics Show?},
  volume =        {95},
  year =          {2011},
}

@article{western_etal_2012,
  author =        {Western, Bruce and Bloome, Deirdre and
                   Sosnaud, Benjamin and Tach, Laura},
  journal =       {Annual Review of Sociology},
  pages =         {341-59},
  type =          {Journal Article},
  title =         {Economic Insecurity and Social Stratification},
  volume =        {38},
  year =          {2012},
}

@article{western_etal_2016,
  author =        {Western, Bruce and Bloome, Deirdre and
                   Sosnaud, Benjamin and Tach, Laura M.},
  journal =       {Demography},
  number =        {2},
  pages =         {419-47},
  title =         {Trends in income insecurity among children, 1984 -
                   2010},
  volume =        {53},
  year =          {2016},
}

@unpublished{winship_2011,
  author =        {Winship, Scott},
  note =          {National Poverty Center Working Paper \#11-13},
  title =         {Economic Instability Trends and Levels across
                   Household Surveys},
  year =          {2011},
}

@article{woltman_etal_2012,
  author =        {Woltman, Heather and Feldstain, Andrea and
                   MacKay, Christine J. and Rocchi, Meredith},
  journal =       {Tutorials in Quantitatve Methods for Psychology},
  number =        {1},
  pages =         {52-69},
  title =         {An introduction to hierarchical linear modeling},
  volume =        {8},
  year =          {2012},
}

